<collection xmlns="http://www.loc.gov/MARC21/slim">
<record>
  <leader>01113nam0a22002051i 450 </leader>
  <controlfield tag="001">IT\ICCU\CNCE\040683</controlfield>
  <controlfield tag="005">19981119000000.0</controlfield>
  <datafield tag="012" ind1=" " ind2=" ">
    <subfield code="a">isa- nit. s:e. bu*I (3) 1579 (R)</subfield>
    <subfield code="2">fei</subfield>
  </datafield>
  <datafield tag="100" ind1=" " ind2=" ">
    <subfield code="a">19981119d1579        0itac0103    ba</subfield>
  </datafield>
  <datafield tag="101" ind1=" " ind2=" ">
    <subfield code="a">LAT</subfield>
  </datafield>
  <datafield tag="102" ind1=" " ind2=" ">
    <subfield code="a">IT</subfield>
  </datafield>
  <datafield tag="200" ind1="1" ind2=" ">
    <subfield code="a">Breuiarium iuxta ritum sacri sacri ordinis Cisterciensium. Nouissime castigatum, atque exactissime commodatum, quam antea vnquam fuit ... vt legentibus manifestissime apparebit</subfield>
  </datafield>
  <datafield tag="210" ind1=" " ind2=" ">
    <subfield code="a">Venetiis</subfield>
    <subfield code="c">apud Iuntas 1579</subfield>
    <subfield code="e">Venetiis</subfield>
    <subfield code="g">sapud \!! Iuntas</subfield>
    <subfield code="h">1579</subfield>
  </datafield>
  <datafield tag="215" ind1=" " ind2=" ">
    <subfield code="a">\28!, 456 c.</subfield>
    <subfield code="c">ill.</subfield>
    <subfield code="d"></subfield>
  </datafield>
  <datafield tag="300" ind1=" " ind2=" ">
    <subfield code="a"></subfield>
  </datafield>
  <datafield tag="710" ind1="0" ind2="2">
    <subfield code="a">Cistercensi</subfield>
    <subfield code="3">IT\ICCU\CNCT\003330</subfield>
  </datafield>
  <datafield tag="791" ind1="0" ind2="2">
    <subfield code="a">Ordo Cistercensis</subfield>
    <subfield code="3">15492</subfield>
    <subfield code="z">Cistercensi</subfield>
  </datafield>
  <datafield tag="791" ind1="0" ind2="2">
    <subfield code="a">Congregatio s. Bernardi Italiae ordinis Cistercensis</subfield>
    <subfield code="3">15493</subfield>
    <subfield code="z">Cistercensi</subfield>
  </datafield>
  <datafield tag="801" ind1=" " ind2="3">
    <subfield code="a">IT</subfield>
    <subfield code="b">ICCU</subfield>
    <subfield code="c">20201114</subfield>
  </datafield>
  <datafield tag="899" ind1=" " ind2=" ">
    <subfield code="a">Biblioteca universitaria Alessandrina. Roma</subfield>
    <subfield code="1">RM0280</subfield>
    <subfield code="2">RML 01</subfield>
  </datafield>
</record>
</collection>
